<record><leader>00000cas a22000007a 4500</leader><controlfield tag="001">16977785</controlfield><controlfield tag="008">871113d18uu1uuunyuwr ne      0    0eng d</controlfield><datafield ind1=" " ind2=" " tag="010"><subfield code="a">sn 88074112 </subfield></datafield><datafield ind1=" " ind2=" " tag="040"><subfield code="a">NYS</subfield><subfield code="b">eng</subfield><subfield code="c">NYS</subfield><subfield code="d">OCL</subfield><subfield code="d">OCLCQ</subfield></datafield><datafield ind1=" " ind2=" " tag="042"><subfield code="a">msc</subfield></datafield><datafield ind1=" " ind2=" " tag="043"><subfield code="a">n-us-ny</subfield></datafield><datafield ind1="0" ind2=" " tag="130"><subfield code="a">American standard (Albion, N.Y.)</subfield></datafield><datafield ind1="1" ind2="0" tag="245"><subfield code="a">American standard.</subfield></datafield><datafield ind1=" " ind2=" " tag="260"><subfield code="a">Albion, N.Y. :</subfield><subfield code="b">Strong &amp; Barber</subfield></datafield><datafield ind1=" " ind2=" " tag="300"><subfield code="a">v. :</subfield><subfield code="b">ill.</subfield></datafield><datafield ind1=" " ind2=" " tag="310"><subfield code="a">Weekly</subfield></datafield><datafield ind1=" " ind2=" " tag="588"><subfield code="a">Description based on: Vol. 8, no. 7 (Oct. 30, 1839).</subfield></datafield><datafield ind1=" " ind2="0" tag="651"><subfield code="a">Albion (N.Y.)</subfield><subfield code="v">Newspapers.</subfield></datafield><datafield ind1=" " ind2=" " tag="752"><subfield code="a">United States</subfield><subfield code="b">New York</subfield><subfield code="c">Orleans</subfield><subfield code="d">Albion.</subfield></datafield></record>